@string{toplas = "Transactions on Programming Languages and Systems"}
@String{popl = "POPL"}
@String{asplos = "ASPLOS"}
@String{oopsla = "OOPSLA"}
@String{pldi = "PLDI"}
@string{ecoop = "ECOOP"}
@string{icsm = "ICSM"}
@string{proc = "Proc. "}
@string{inproc = "Proc. "}
@string{icse = "ICSE" }
@string{vee = "VEE"}

Detecting Inefficiently-Used Containers to Avoid Bloat
Guoqing Xu (Ohio State University), Atanas Rountev (Ohio State University) 


@inproceedings{XR:10,
 author = {Guoqing Xu and Atanas Rountev},
 title = {Detecting Inefficiently-Used Containers to Avoid Bloat},
 booktitle = pldi,
 year = {2010},
 location = {Toronto, Canada}
} 


@INPROCEEDINGS{JM:07,
  author = {Maria Jump and Kathryn S. McKinley},
  title = {Cork: {D}ynamic {M}emory {L}eak {D}etection for {J}ava},
  booktitle = POPL,
  year = {2007},
  optpages = {31--38},
  optaddress = {Nice, France},
  optmonth = {January}
}

@INPROCEEDINGS{BM:06,
  author = {Michael D. Bond and Kathryn S. McKinley},
  title = {{B}ell: {B}it-{E}ncoding {O}nline {M}emory {L}eak {D}etection},
  booktitle = ASPLOS,
  year = {2006},
  optaddress = {San Jose, California, USA},
  optmonth = {October}
}

@INPROCEEDINGS{BM:09,
  author = {Michael D Bond and Kathryn S McKinley},
  title = {Leak Pruning},
  booktitle = ASPLOS,
  year = {2009},
  optpages = {277-288},
  optaddress = {Washington, DC, USA},
  optmonth = {March}
}

@INPROCEEDINGS{MS:07,
  author = {Nick Mitchell and Gary Sevitsky},
  title = {The Causes of Bloat, The Limits of Health},
  booktitle = OOPSLA,
  year = {2007},
  optpages = {245--260},
  optaddress = {Montreal, Quebec, Canada},
  optmonth = {October}
}

@INPROCEEDINGS{MS:03,
  author = {Nick Mitchell and Gary Sevitzky},
  title = {Leak{B}ot: {A}n {A}utomated and {L}ightweight {T}ool for {D}iagnosing
	{M}emory {L}eaks in {L}arge {J}ava {A}pplications},
  booktitle = ECOOP,
  year = {2003},
  optvolume = {2743},
  optseries = {Lecture Notes in Computer Science},
  optpages = {351--377},
  optaddress = {Darmstadt, Germany},
  optmonth = {July},
  optpublisher = {Springer-Verlag},
}

@inproceedings{Gulwani:popl:2011,
 author = {Gulwani, Sumit},
 title = {Automating string processing in spreadsheets using input-output examples},
 booktitle = popl,
 year = {2011},
 optlocation = {Austin, Texas, USA},
 optpages = {317--330},
 optkeywords = {program synthesis, programming by example (pbe), spreadsheet programming, string manipulation, user intent, version space algebra},
} 

@inproceedings{Gulwani:pldi:2011,
 author = {Harris, William R. and Gulwani, Sumit},
 title = {Spreadsheet table transformations from examples},
 booktitle = pldi,
 year = {2011},
 optlocation = {San Jose, California, USA},
 optpages = {317--328},
 optkeywords = {end-user programming, program synthesis, programming by example, spreadsheet programming, table manipulation, user intent},
} 


@article{dacapo-cacm, 
  author={Blackburn, S. M. and McKinley, K. S.  and Garner, R. and Hoffman, C. and Khan, A. M.
      and Bentzur, R. and Diwan, A. and Feinberg, D.
      and Frampton, D. and Guyer, S. Z. and Hirzel, M. and Hosking, A.
      and Jump, M. and Lee, H. and Moss, J. E. B. and Phansalkar, A.
      and Stefanovi\'{c}, D.
      and {VanDrunen}, T. and von~Dincklage, D. and Wiedermann, B.},
  title="{Wake Up and Smell the Coffee: {Evaluation} Methodology for the 21st Century}",
  crossref = "cacm08",
  pages = "83--89"
}


@INPROCEEDINGS{MKM:11,
  author = "N.~Meng and M.~Kim and K.S.~McKinley",
  title = "Systematic Editing: {Generating} Program Transformations 
           from an Example",
  booktitle = "{PLDI}",
  pages = {329-342},  
  year = {2011}
}

@BOOK{PrattGibbons81,
  AUTHOR = {J. W. Pratt and J. D. Gibbons},
  TITLE = "{Concepts of Nonparametric Theory}",
  YEAR = {1981},
  WHERE = {New York},
  PUBLISHER = {Springer-Verlag}
}

@article{Gupta96,
 author = {Deepak Gupta and Pankaj Jalote and Gautam Barua},
 title = "{A Formal Framework for On-line Software Version Change}",
 journal = {IEEE Transactions on Software Engineering},
 volume = {22},
 number = {2},
 year = {1996},
 issn = {0098-5589},
 pages = {120--131},
 doi = {http://dx.doi.org/10.1109/32.485222},
 publisher = {IEEE Press},
 address = {Piscataway, NJ, USA},
}

@InProceedings{CHL:98,
 author = {P. Cheng and R. Harper and P. Lee},
 title = "{Generational Stack Collection and Profile-Driven Pretenuring}", 
 pages = {162--173},
 crossref = "pldi98",
}

@inproceedings{nicoara:eurosys08,
  author = {Angela Nicoara and Gustavo Alonso and Timothy Roscoe},
  title = "{Controlled, Systematic, and Efficient Code Replacement for Running Java Programs}",
  booktitle = proc # {Eurosys}, 
  location = {Glasgow, Scotland, UK}, 
  month = apr,
  year = 2008
}

@article{roc1,
 author = {D. Oppenheimer and A. Brown and J. Beck and D. Hettena and J. Kuroda and N. Treuhaft and D. A. Patterson and K. Yelick},
 title = "{ROC-1: Hardware Support for Recovery-Oriented Computing}",
 journal = {IEEE Trans. Comput.},
 volume = {51},
 number = {2},
 year = {2002},
 issn = {0018-9340},
 pages = {100--107},
 doi = {http://dx.doi.org/10.1109/12.980002},
 publisher = {IEEE Computer Society},
}

@misc{zeus,
  author = "Zeus Technology, Inc",
  title = "{{ZXTM}: A high performance Traffic Manager}",
  howpublished = {\url{http://www.zeus.com/products/zxtm/index.html}}
}

@misc{jclasslib,
  author = "ej-technologies GmbH",
  title = "{jclasslib Java Bytecode Viewer}",
  howpublished  = {\url{http://jclasslib.sourceforge.net}},
}

@inproceedings{Milazzo05updates,
 author = {Marco Milazzo and Giuseppe Pappalardo and Emiliano Tramontana and Giuseppe Ursino},
 title = "{Handling run-time updates in distributed applications}",
 booktitle = proc # {SAC},
 year = {2005},
 pages = {1375--1380},
 location = {Santa Fe, New Mexico},
 }

@inproceedings{BarrE03,
  author    = {Miles Barr and
               Susan Eisenbach},
  title     = "{Safe Upgrading without Restarting}",
  booktitle = inproc # {ICSM},
  year      = {2003},
  pages     = {129-137},
}

@inproceedings{boyapati03lazy,
 author = {Chandrasekhar Boyapati and Barbara Liskov and Liuba Shrira and Chuang-Hue Moh and Steven Richman},
 title = "{Lazy modular upgrades in persistent object stores}",
 crossref = "oopsla03",
}

@inproceedings{ritzau00dynamic,
   author = {Tobias Ritzau and Jesper Andersson},
   title = "{Dynamic Deployment of {Java} Applications}",
   booktitle = proc # {{Java} for Embedded Systems Workshop},
   address = {London},
   month = may,
   year = {2000}
}

@techreport{eaddy05enc,
  author = "Marc Eaddy and Steven Feiner",
  title = "{Multi-Language Edit-and-Continue for the Masses}",
  institution = "Columbia University Department of Computer Science",
  number = "CUCS-015-05",
  year = 2005,
  month = apr,
}

@inproceedings{neamtiu05evolution,
  author = "Iulian Neamtiu and Jeffrey S. Foster and Michael Hicks",
  title = "{Understanding Source Code Evolution Using Abstract Syntax Tree Matching}",
  booktitle = proc # "International Workshop on Mining Software Repositories",
  pages = {1--5},
  month= "May",
  year = 2005,
}

@article{ HicksNettles03,
  author = "Michael Hicks and Scott M. Nettles",
  title = "{Dynamic Software Updating}",
  journal = toplas,
  year = 2005,
  month = "November",
  volume = {27},
  number = {6},
  pages = {1049--1096}
}

@inbook{ gartner98downtime,
  author = {D. Scott},
  title = "{Assessing the Costs of Application Downtime}",
  publisher = "Gartner Group",
  year = 1998,
}

@article{vs-downtime,
 author = "Vision Solutions",
 title = "{Understanding Downtime}",
 month = may,
 year = 2006,
}

@inproceedings{dynamos_eurosys_07,
  author="Kristis Makris and Kyung Dong Ryu",
  title="{Dynamic and Adaptive Updates of Non-Quiescent Subsystems in Commodity Operating System Kernels}",
  booktitle= {EuroSys},
  year="2007",
  month=mar,
}



@misc{VMperf:webpage, 
        Author = {{The Jikes RVM Core Team}},
        Title = "{VM Performance Comparisons}", 
        Year = 2007, 
        note = {\url{http://dacapo.anu.edu.au/regression/perf/head.html}}
}


@misc{kspliceslashdot08,
  author = "Slashdot forum",
  title = "{Patch the Kernel Without Reboots}",
  month = apr,
  year = 2008,
  howpublished = {\url{http://tech.slashdot.org/article.pl?sid=08/04/24/1334234}},
  note = {Consists of a lively technical debate about the benefits and
      drawbacks of in-place dynamic updates vs. using redundant hardware}
}

@inproceedings{ksplice,
  title = "{Ksplice: Automatic rebootless kernel updates}",
  author = {Jeff Arnold and Frans Kaashoek},
  booktitle = "EuroSys",
  optmonth = apr,
  year = 2009,
}

@article{lee06linuxmod,
 author = {Yueh-Feng Lee and Ruei-Chuan Chang},
 title = "{Hotswapping Linux kernel modules}",
 journal = {J. Syst. Softw.},
 volume = {79},
 number = {2},
 year = {2006},
 issn = {0164-1212},
 pages = {163--175},
 doi = {http://dx.doi.org/10.1016/j.jss.2005.05.011},
 publisher = {Elsevier Science Inc.},
 address = {New York, NY, USA},
}

@inproceedings{bierman08upgradej,
  author = {Gavin Bierman and Matthew Parkinson and James Noble},
  title = "{UpgradeJ: Incremental typechecking for class upgrades}",
  booktitle = {Proc. ECOOP}, 
  pages = {235--259},
  year = 2008
}

@article{hayden11testing-journal,
  author = {Christopher M. Hayden and Edward K. Smith and Eric A. Hardisty and Michael Hicks and Jeffrey S. Foster},
  title = {Evaluating Dynamic Software Update Safety Using Efficient Systematic Testing},
  journal = {IEEE Transactions on Software Engineering},
volume = {99},
number = {PrePrints},
  year = 2011,
  month = sep,
}

@inproceedings{tempero08upgradej,
 author = {Tempero, Ewan and Bierman, Gavin and Noble, James and Parkinson, Matthew},
 title = "{From Java to UpgradeJ: an empirical study}",
 pages = {1--5},
 crossref = "hotswup08",
 doi = {http://doi.acm.org/10.1145/1490283.1490285},
 }

@inproceedings{upstare,
 author = {Kristis Makris and Rida Bazzi},
 title = "{Immediate Multi-Threaded Dynamic Software Updates Using Stack Reconstruction}",
 crossref = "usenix09",
}

@phdthesis{upstare-thesis,
    author="Kristis Makris",
    title="{Whole-Program Dynamic Software Updating}",
    year="2009",
    month="December",
    school="{Arizona State University}"
}

@inproceedings{chen06vee,
 author = {Haibo Chen and Rong Chen and Fengzhe Zhang and Binyu Zang and Pen-Chung Yew},
 title = "{Live updating operating systems using virtualization}",
 booktitle = inproc # vee,
 year = {2006}, 
 month = jun,
 pages = {35--44},
}   
@article{DBLP:journals/acta/Duggan05,
  author    = {Dominic Duggan},
  title     = "{Type-based hot swapping of running modules}",
  journal   = {Acta Inf.},
  volume    = {41},
  number    = {4-5},
  year      = {2005},
  pages     = {181-220},
  ee        = {http://www.springerlink.com/index/10.1007/s00236-004-0151-1},
  bibsource = {DBLP, http://dblp.uni-trier.de}
}

@INPROCEEDINGS{BiermanHSS03,
  AUTHOR = {Gavin Bierman and Michael Hicks and Peter Sewell and Gareth Stoyle},
  TITLE = "{Formalizing Dynamic Software Updating}",
  BOOKTITLE = proc # {Second International Workshop on Unanticipated Software Evolution},
  MONTH = {April},
  YEAR = {2003},
  NOTE = {\url{http://www.informatik.uni-bonn.de/~gk/use/2003/Papers/papers.html}}
}

@article{mutatis,
  author = "Gareth Stoyle and Michael Hicks and Gavin Bierman and Peter Sewell and Iulian Neamtiu",
  title = "{\emph{Mutatis Mutandis}: Safe and Flexible Dynamic Software Updating (full version)}",
  volume = 29,
  number = 4,
  pages = {22},
  journal = {TOPLAS},
  year = 2007,
  month = aug,
}

@inproceedings{chen:icse07,
  author    = {Haibo Chen and
               Jie Yu and
               Rong Chen and
               Binyu Zang and
               Pen-Chung Yew},
  title     = "{POLUS: A POwerful Live Updating System}",
  booktitle = icse,
  year      = {2007},
  optpages     = {271-281},
}

@InProceedings{altekar05opus,
  author = 	 {Gautam Altekar and Ilya Bagrak and Paul Burstein and Andrew Schultz},
  title = 	 "{OPUS: Online Patches and Updates for Security}",
  booktitle = proc # "USENIX Security",
  pages = 	 {287--302},
  year = 	 {2005},
  address = 	 {Baltimore, Maryland, USA},
  month = 	 {August},
}

@misc{zorn05,
  author = "Benjamin Zorn",
  howpublished = "Personal communication, based on experience with Microsoft Windows customers",
  month = "August",
  year = 2005,
}

@misc{JVMhotswap,
  author = "Sun Microsystems",
  title = "{Java Platform Debugger Architecture (JPDA)}",
  note = "This supports class replacement.  See \url{http://java.sun.com/javase/6/docs/technotes/guides/jpda/}",
  year = 2004,
}

@misc{VSEnC,
  author = "Microsoft Corporation",
  title = "{Edit and Continue}",
  year = 2008,
  howpublished = "\url{http://msdn2.microsoft.com/en-us/library/bcew296c.aspx}"
}

@InProceedings{Dmit01a,
  author =       "M. Dmitriev",
  title =        "{Towards Flexible and Safe Technology for Runtime Evolution of Java Language Applications}",
  booktitle =    proc # "Workshop on Engineering Complex
                 Object-Oriented Systems for Evolution",
  month =        oct,
  year =         "2001",
  keywords =     "java dynamic class modification hotswap",
}

@InProceedings{K42reconfig,
  author =       {C. Soules and J. Appavoo and K. Hui and D. Da Silva and
      G. Ganger and O. Krieger and M. Stumm and R. Wisniewski and M.
          Auslander and M. Ostrowski and B. Rosenburg and J. Xenidis},
  title =        "{System Support for Online Reconfiguration}",
  crossref = "usenix03",
} 

@inproceedings{baumann07reboots,
 author = {Baumann, Andrew and Appavoo, Jonathan and Wisniewski, Robert W. and Silva, Dilma Da and others},
 title = "{Reboots are for Hardware: Challenges and Solutions to Updating an Operating System on the fly}",
 crossref = "usenix07",
}

@inproceedings{k42usenix,
  author = "A. Baumann and J. Appavoo and D. Da Silva and J. Kerr and O. Krieger and R. W. Wisniewski",
  title = "{Providing Dynamic Update in an Operating System}",
  crossref = "usenix05",
}

@inproceedings{baumann04workshop,
  author = {Andrew Baumann and Andrew Baumann and Dilma Da Silva
      and Orran Krieger and Robert W. Wisniewski},
  title = "{Improving Operating System Availability With Dynamic Update}",
  booktitle = {In Proceedings of the 1st Workshop on Operating System and
      Architectural Support for the On-Demand IT Infrastructure},
  year = {2004},
  pages = {21--27}
}

@article{visa,
  author = "David Pescovitz",
  title = "{Monsters in a Box}",
  month = dec,
  year = 2000,
  pages = "341--347",
  volume = 8,
  number = 12,
  journal = "Wired",
  url = "\url{http://www.wired.com/wired/archive/8.12/supercomputers_pr.html}"
}

@inproceedings{neamtiu08context,
  AUTHOR = {Iulian Neamtiu and Michael Hicks and Jeffrey S. Foster and Polyvios Pratikakis},
  TITLE = "{Contextual Effects for Version-Consistent Dynamic Software Updating and Safe Concurrent Programming}",
  BOOKTITLE = proc # {POPL},
  OPTPAGES = {37--50},
  MONTH = JAN,
  YEAR = 2008
}

@inproceedings{neamtiu09stump,
  AUTHOR = {Iulian Neamtiu and Michael Hicks},
  TITLE = "{Safe and Timely Dynamic Updates for Multi-threaded Programs}",
  optpages = {13--24},
  crossref = "pldi09",
}

@inproceedings{jvolve,
  author = {Subramanian, Suriya and Hicks, Michael and McKinley, Kathryn S.},
  title = "{Dynamic Software Updates: A VM-centric Approach}",
  crossref = "pldi09",
  optpages = {1--12},
  optdoi = {http://doi.acm.org/10.1145/1542476.1542478},
}

@inproceedings{neamtiu06dsu,
  author = "Iulian Neamtiu and Michael Hicks and Gareth Stoyle and Manuel Oriol",
  title = "{Practical Dynamic Software Updating for C}",
  optpages = {72--83},
  crossref = "pldi06",
}

@INPROCEEDINGS{HjalmtyssonG98,
  AUTHOR = {Hj\'{a}lmt\'{y}sson, G\'{\i}sli and Gray, Robert},
  TITLE = {Dynamic {C}++ Classes, A lightweight mechanism to update code in a running program},
  URL = {http://www.usenix.org/publications/library/proceedings/usenix98/hjalmtysson.html},
  crossref = "usenix98",
}


@inproceedings{orso:java,
  title = "{A Technique for Dynamic Updating of Java Software}",
  author = "Alessandro Orso and Anup Rao and Mary Jean Harrold",
  booktitle = proc # icsm,
  month = "October",
  year = 2002,
  location = "Montreal, Canada",
  pages = "649--658"
}

@InProceedings{Mala00a,
  author =       "Scott Malabarba and Raju Pandey and Jeff Gragg and
                 Earl Barr and J. Fritz Barnes",
  title =        "{Runtime Support for Type-Safe Dynamic Java Classes}",
  booktitle =    proc # ecoop,
  year =         "2000",
  pages = {337--361},  
}



@Book{JL:96,
  author = {Richard E. Jones and Rafael D. Lins},
  title = "{Garbage Collection: Algorithms for Automatic Dynamic Memory Management}",
  year = {1996},
  month = {July},
  pages = {403},
  publisher = {Wiley}
}

@article{Dijkstra78,
 author = {Dijkstra, Edsger W. and Lamport, Leslie and Martin, A. J. and Scholten, C. S. and Steffens, E. F. M.},
 title = "{On-the-Fly Garbage Collection: An Exercise in Cooperation}",
 crossref = "cacm78",
 pages = {966--975},
 url = {http://portal.acm.org/citation.cfm?id=359642.359655},
 doi = {10.1145/359642.359655},
}

@Book{Fowler,
  Author = {M. Fowler},
  Title = { Refactoring: Improving the Design of Existing Code },
  Year = 1999,
  publisher = {Addison-Wesley}
}


@InProceedings{AAB+:99,
  author =   {B. Alpern and D. Attanasio and J J. Barton and
             A. Cocchi and S. Flynn Hummel and D. Lieber and M.
             Mergen and T. Ngo and J Shepherd and S. Smith},
  title =   "{Implementing Jalape\~{n}o in Java}",
  crossref = "oopsla99",
}


@Article{AAB+:00, 
  Author = {B. Alpern and D. Attanasio and J. J. Barton and M.  G. 
           Burke and P.Cheng and J.-D. Choi and A. Cocchi 
           and S. J. Fink and D. Grove and M. Hind and S. Flynn Hummel and
           D. Lieber and V. Litvinov and M.  Mergen and T. Ngo and 
           J. R. Russell and V. Sarkar and M. J. Serrano and J. Shepherd 
           and S. Smith and V. C. Sreedhar and H.  Srinivasan and J. Whaley },
  title =   "{The Jalape\~{n}o Virtual Machine}",
  journal =   {IBM System Journal},
  year =   2000,
  volume =  39,
  number =  1,
  month =  feb
}


@InProceedings{HD:05,
  Author = {J. Henkel and A. Diwan},
  Title = "{CatchUp! Capturing and Replaying Refactorings to Support API Evolution}",
  Booktitle = ICSE,
  month = may,
  Year = 2005,
  address = {St. Louis, MI},
  Pages = {274--283}
}


@TECHREPORT{GilmoreKW97,
  AUTHOR = {Gilmore, Stephen and Kirli, Dilsun and Walton, Chris},
  TITLE = "{Dynamic ML without Dynamic Types}",
  INSTITUTION = {LFCS, University of Edinburgh},
  NUMBER = {ECS-LFCS-97-378},
  MONTH = {December},
  YEAR = {1997},
  URL = {http://www.dcs.ed.ac.uk/home/stg/DynamicML/dynamic.ps.gz}
}

@InProceedings{BCM:04,
  Author = {S. M. Blackburn and P. Cheng and K. S. McKinley},
  Title = "{Oil and Water? High Performance Garbage Collection in Java with MMTk}",
  Booktitle = ICSE,
  month = may,
  Year = 2004,
  address = {Scotland, UK},
  Pages = {137--146}
}

@inproceedings{osr,
 author = {Stephen J. Fink and Feng Qian},
 title = "{Design, implementation and evaluation of adaptive recompilation with on-stack replacement}",
 booktitle = {CGO '03: Proceedings of the international symposium on Code generation and optimization},
 year = {2003},
 isbn = {0-7695-1913-X},
 pages = {241--252},
 location = {San Francisco, California},
 publisher = {IEEE Computer Society},
 address = {Washington, DC, USA},
 url = {http://portal.acm.org/citation.cfm?id=776261.776288&coll=ACM&dl=ACM&type=series&idx=SERIES10852&part=series&WantType=Proceedings&title=CGO&CFID=1403580&CFTOKEN=85470870#},
}

@inproceedings{osr-self-1,
 author = {Chambers, Craig and Ungar, David},
 title = "{Making pure object-oriented languages practical}",
 crossref = "oopsla91",
 pages = {1--15},
 doi = {http://doi.acm.org/10.1145/118014.117955},
}

@inproceedings{osr-self-2,
 author = {H\"{o}lzle, Urs and Ungar, David},
 title = "{A third-generation SELF implementation: reconciling responsiveness with performance}",
 crossref = "oopsla94",
 pages = {229--243},
 doi = {http://doi.acm.org/10.1145/191080.191116},
}

@article{Cheney:70,
 author = "C. J. Cheney",
 title = "{A Nonrecursive List Compacting Algorithm}",
 crossref = "cacm70",
 pages = "677--678"
}

@article{Baker:1978,
 author = {Henry G. Baker, Jr.},
 title = "{List processing in real time on a serial computer}",
 journal = {Commun. ACM},
 volume = {21},
 number = {4},
 year = {1978},
 issn = {0001-0782},
 pages = {280--294},
 doi = {http://doi.acm.org/10.1145/359460.359470},
 publisher = {ACM},
 address = {New York, NY, USA},
}

@inproceedings{Brooks:1984,
 author = {Rodney A. Brooks},
 title = "{Trading data space for reduced time and code space in real-time garbage collection on stock hardware}",
 booktitle = {LFP '84: Proceedings of the 1984 ACM Symposium on LISP and functional programming},
 year = {1984},
 isbn = {0-89791-142-3},
 pages = {256--262},
 location = {Austin, Texas, United States},
 doi = {http://doi.acm.org/10.1145/800055.802042},
 publisher = {ACM},
 address = {New York, NY, USA},
}

@inproceedings{Appel:1988,
 author = {A. W. Appel and J. R. Ellis and K. Li},
 title = "{Real-time concurrent collection on stock multiprocessors}",
 pages = {11--20},
 doi = {http://doi.acm.org/10.1145/53990.53992},
 crossref = "pldi88",
}

@inproceedings{JastAddJ,
 author = {Ekman,, Torbj\"{o}rn and Hedin,, G\"{o}rel},
 title = "{The Jastadd Extensible Java Compiler}",
 crossref = "oopsla07",
 pages = {1--18},
}

@article{return-barrier,
 author = {Yuasa, Taiichi},
 title = "{Design and implementation of Kyoto Common Lisp}",
 journal = "Journal of Information Processing",
 volume = {13},
 number = {3},
 year = {1990},
 issn = {0387-6101},
 pages = {284--295},
 publisher = {Information Processing Society of Japan},
 address = {Tokyo, Japan},
}

@inproceedings{dsu-testing,
 title = "{Efficient Systematic Testing for Dynamically Updatable Software}",
 author = "Christopher M. Hayden and Eric A. Hardisty and Michael Hicks and Jeffrey S. Foster",
 crossref = "hotswup09",
}

@inproceedings{french-satellite,
 title = "{Issues in applying a model driven approach to reconﬁgurations of satellite software}",
 author = {Buisson, J\'{e}r\'{e}my and Carro, Cecilia and Dagnat, Fabien},
 url = {http://portal.acm.org/citation.cfm?id=1490283.1490291},
 doi = {10.1145/1490283.1490291},
 pages = {6:1--6:5},
 articleno = {6},
 numpages = {5},
 crossref = "hotswup08",
}

@inproceedings{lowell:04,
  author = "David E. Lowell and Yasushi Saito and Eileen J. Samberg",
  title = "{Devirtualizable Virtual Machines enabling general, single-node, online maintenance}",
  pages = "211-223",
  crossref = "asplos04",
}

@misc{eagle-rock,
 author = "Eagle Rock Alliance Ltd.",
 year = 2001,
 title = "{Cost of Downtime: Online Survey Results}",
 howpublished = "\url{http://www.contingencyplanningresearch.com/2001\%20Survey.pdf}",
}

@article{parker,
 author = "Steve Parker",
 title = "{A simple equation: IT on = Business on}",
 journal = "The IT Journal",
 publisher = "Hewlett Packard",
 year = 2001,
}

@misc{vista,
 author = "David Berlind",
 title = "{Vista forces reboots}",
 howpublished = "\url{http://news.zdnet.com/2422-13568_22-157931.html}",
}

@PHDTHESIS{neamtiu-thesis,
  AUTHOR = {Iulian Neamtiu},
  TITLE = "{Practical Dynamic Software Updating}",
  YEAR = 2008,
  MONTH = {August},
  SCHOOL = {Department of Computer Science, University of Maryland},
}

@PHDTHESIS{hicks-thesis,
  AUTHOR = {Michael Hicks},
  TITLE = "{Dynamic Software Updating}",
  YEAR = 2001,
  MONTH = {August},
  SCHOOL = {Department of Computer and Information Science, University of Pennsylvania},
}

@phdthesis{gupta-thesis,
  author = "Deepak Gupta",
  title = "{On-line Software Version Change}",
  month = nov,
  year = 1994,
  school = {Department of Computer Science and Engineering, Indian
      Institute of Technology, Kanpur},
}

@phdthesis{walton-thesis,
  author = "Chris Walton",
  title = "{Abstract Machines for Dynamic Computation}",
  year = 2001,
  school = "University of Edinburgh",
  note = "ECS-LFCS-01-425",
}

@inbook{gartner-java,
  author = {J. Fenn and A. Linden},
  title = "{Hype Cycle Special Report for 2005}",
  publisher = "Gartner Group",
  year = 2005,
}

@article{ibm-nyse-java,
  author = "Lucas Mearian",
  title = "{IBM Builds Java System for NYSE}",
  month = dec,
  year = 2004,
  journal = "Computer World",
  note = "\url{http://www.computerworld.com/s/article/98376/IBM_Builds_Java_System_for_NYSE}"
}

@article{sdtimes,
  note = "\url{http://www.sdtimes.com/link/31052}",
  author = "Jennifer deJong",
  title = "{Java Becoming Solution for Safety-Critical Applications}",
  month = aug,
  year = 2007,
  journal = "Software Development Times",
}

@misc{pizlo09,
  author = "Filip Pizlo",
  howpublished = "{Personal communication, based on experience with Fiji Systems LLC.}",
  month = dec,
  year = 2009,
}

@misc{hotspot-dsu,
  author = "Thomas Wuerthinger",
  title = "{Dynamic Code Evolution for the Java HotSpot Virtual Machine}",
  month = apr,
  year = 2009,
  note = "\url{http://wikis.sun.com/display/mlvm/HotSwap}",
}

@inproceedings{linux-evolution,
 author = {Padioleau, Yoann and Lawall, Julia L. and Muller, Gilles},
 title = "{Understanding Collateral Evolution in Linux Device Drivers}",
 booktitle = {Proceedings of the 1st ACM SIGOPS/EuroSys European Conference on Computer Systems 2006},
 year = {2006},
 isbn = {1-59593-322-0},
 address = {Leuven, Belgium},
 pages = {59--71},
 url = {http://portal.acm.org/citation.cfm?id=1217935.1217942},
 doi = {10.1145/1217935.1217942},
}

@article{java-evolution,
 author = {Dig, Danny and Johnson, Ralph},
 title = "{How do APIs evolve?: A story of refactoring}",
 journal = {Journal of Software Maintenance and Evolution: Research and Practice},
 volume = {18},
 issue = {2},
 month = {March},
 year = {2006},
 pages = {83--107},
 url = {http://portal.acm.org/citation.cfm?id=1133105.1133107},
 doi = {10.1002/smr.v18:2},
 publisher = {John Wiley \& Sons, Inc.},
}

@misc{survival-time,
  title = "{Survival Time}",
  author = "Internet Storm Center",
  howpublished = "\url{http://isc.sans.org/survivaltime.html}",
}

@misc{jetty,
  author = "Wikipedia",
  title = "{Jetty Webserver}",
  year = "2010",
  howpublished = "\url{http://en.wikipedia.org/wiki/Jetty_(web_server)}",
  note = "[Online; accessed 22-January-2010]"
}

@misc{jetty-uses,
  author = "Jetty webserver project",
  title = "Powered by Jetty",
  howpublished = "\url{http://docs.codehaus.org/display/JETTY/Jetty+Powered}",
  month = dec,
  year = 2009,
}

@misc{sloccount-wiki,
  author = "Wikipedia",
  title = "{Source lines of code}",
  year = "2010",
  howpublished = "\url{http://en.wikipedia.org/wiki/Source_lines_of_code}",
  note = "[Online; accessed 25-January-2010]"
}

@misc{sloccount,
  author = "David Wheeler",
  title = "{SLOCCount}",
  howpublished = "\url{http://www.dwheeler.com/sloccount/}",
}

@misc{jes,
  howpublished = "\url{http://sourceforge.net/projects/javaemailserver}",
  author = "Eric Daugherty",
  title = "{Java SMTP/POP EMail Server}",
}

@misc{crossftp,
  howpublished = "\url{http://sourceforge.net/projects/crossftpserver}",
  author = "Sourceforge.net",
  title = "{CrossFTP Server}",
}

@misc{jmdns,
  title = "{JmDNS: Java implementation of multi-cast DNS}",
  author = "Arthur van Hoff",
  howpublished = "\url{http://jmdns.sourceforge.net}",
}

@inproceedings{armstrong,
  author = "Armstrong, J. L. and Virding, R.",
  year = 1991,
  title = "{Erlang---An Experimental Telephony Switching Language}",
  booktitle = "13th International Switching Symposium",
  address = "Stockholm, Sweden",
}

@article{httperf,
 author = {Mosberger, David and Jin, Tai},
 title = "{httperf: A Tool for Measuring Web Server Performance}",
 journal = {SIGMETRICS Performance Evalualtion Review},
 volume = {26},
 issue = {3},
 month = {December},
 year = {1998},
 issn = {0163-5999},
 pages = {31--37},
 numpages = {7},
 url = {http://portal.acm.org/citation.cfm?id=306225.306235},
 doi = {10.1145/306225.306235},
 acmid = {306235},
 publisher = {ACM},
}

@misc{javarebel,
  author = "ZeroTurnaround",
  title = "{LiveRebel}",
  howpublished = "\url{http://www.zeroturnaround.com/liverebel}",
}

@misc{voted-bug,
  author = "Sun Developer Network Bug Database",
  title = "{Enhance Hot Code Replacement}",
  howpublished = "\url{http://bugs.sun.com/bugdatabase/view_bug.do?bug_id=4910812}",
  year = 2003,
  month = aug,
}

@inproceedings{diwan-measurement,
 author = {Mytkowicz, Todd and Diwan, Amer and Hauswirth, Matthias and Sweeney, Peter F.},
 title = "{Producing wrong data without doing anything obviously wrong!}",
 address = {Washington, DC, USA},
 pages = {265--276},
 url = {http://portal.acm.org/citation.cfm?id=1508244.1508275},
 doi = {10.1145/1508244.1508275},
}

@article{biomed,
 AUTHOR = {Gille, Christoph and Robinson, Peter},
 TITLE = "{HotSwap for bioinformatics: A STRAP tutorial}",
 JOURNAL = {BMC Bioinformatics},
 VOLUME = {7},
 YEAR = {2006},
 NUMBER = {1},
 PAGES = {64},
 URL = {http://www.biomedcentral.com/1471-2105/7/64},
 DOI = {10.1186/1471-2105-7-64},
 PubMedID = {16469097},
 ISSN = {1471-2105},
}

######################### Conference names ################################################

@string{hotswup = "Workshop on Hot Topics in Software Upgrades"}
@proceedings{hotswup08, booktitle = hotswup, month = oct, year = 2008, address = "Nashville, Tennessee, USA"}
@proceedings{hotswup09, booktitle = hotswup, month = oct, year = 2009, address = "Orlando, Florida, USA"}

@string{oopsla = "Object-oriented Programming Systems, Language, and Applications"}
@proceedings{oopsla07, booktitle = oopsla, year = 2007, address = {Montreal, Quebec, Canada}}
@proceedings{oopsla03, booktitle = oopsla, year = 2003, address = {Anaheim, California, USA}}
@proceedings{oopsla99, booktitle = oopsla, year = 1999, address = {Denver, CO}}
@proceedings{oopsla94, booktitle = oopsla, year = 1994, address = {Portland, Oregon, United States}}
@proceedings{oopsla91, booktitle = oopsla, year = 1991, address = {Phoenix, Arizona, United States}}

@string{pldi = "{PLDI}"}
@proceedings{pldi09, booktitle = pldi, year = 2009, address = {}}
@proceedings{pldi06, booktitle = pldi, year = 2006, address = {}}
@proceedings{pldi88, booktitle = pldi, year = 1988, address = {Atlanta, Georgia, United States}}
@proceedings{pldi98, booktitle = pldi, year = 1998, address = {Montreal, Canada}}

@string{cacm = "Communications of the ACM"}
@misc{cacm08, journal = cacm, volume = 51, number = 8,  month = aug, year = 2008}
@misc{cacm70, journal = cacm, volume = 13, number = 11, month = nov, year = 1970}
@misc{cacm78, journal = cacm, volume = 21, number = 11, month = nov, year = 1978}

@string{usenix = {USENIX ATC}}
@proceedings{usenix09, booktitle = usenix, year = 2009, address = {}}
@proceedings{usenix07, booktitle = usenix, year = 2007, address = {}}
@proceedings{usenix05, booktitle = usenix, year = 2005, address = {}}
@proceedings{usenix03, booktitle = usenix, year = 2003, address = {}}
@proceedings{usenix98, booktitle = usenix, year = 1998, address = {}}

@string{asplos = {ASPLOS}}
@proceedings{asplos04, booktitle = asplos, year = 2004}
@proceedings{asplos09, booktitle = asplos, year = 2009}
