@incollection {bounded-verif-ltl,
   author = {Cimatti, Alessandro and Roveri, Marco and Sheridan, Daniel},
   affiliation = {Istituto per la Ricerca Scientifica e Tecnologica (IRST), Via Sommarive 18, 38050 Povo, Trento Italy},
   title = {Bounded Verification of Past LTL},
   booktitle = {Formal Methods in Computer-Aided Design},
   series = {Lecture Notes in Computer Science},
   editor = {Hu, Alan J. and Martin, Andrew K.},
   publisher = {Springer Berlin / Heidelberg},
   isbn = {},
   pages = {245-259},
   volume = {3312},
   url = {http://dx.doi.org/10.1007/978-3-540-30494-4_18},
   year = {2004}
}

@techreport{runtime-verif-LTL,
  author = 	 {Andreas Bauer and Martin Leucker and Christian
                  Schallhart},
  title = 	 {Runtime Verification for {LTL} and {TLTL}},
  year =	 2007,
  number =	 "TUM-I0724",
  month =	 Dec,
  institution =	 {Institut f\"ur Informatik, Technische Universit\"at
                  M\"unchen}
}