../dsu-pldi-2009/paper.bib